<?xml version="1.0" encoding="UTF-8"?><collection xmlns="http://www.loc.gov/MARC21/slim"><record><leader>00703nam--2200181-i-4500</leader><controlfield tag="001">000032749</controlfield><controlfield tag="002">20161230</controlfield><controlfield tag="005">20161230201039</controlfield><controlfield tag="008">060222s1000------------r-----000-0-eng-d</controlfield><datafield ind1=" " ind2=" " tag="040"><subfield code="a">IFIN-HH</subfield></datafield><datafield ind1=" " ind2=" " tag="080"><subfield code="a">533.9</subfield></datafield><datafield ind1="1" ind2=" " tag="110"><subfield code="a">International Centre for Theoretical Physics, Trieste</subfield></datafield><datafield ind1="1" ind2="0" tag="245"><subfield code="a">Modern plasma physics. trieste course 1979</subfield><subfield code="b">A basic course given at an autumn college at the international centre for theoretical physics trieste 16 october to 23 november 1979 and selected lectures on advanced topics in fusion research presented at the college</subfield></datafield><datafield ind1=" " ind2=" " tag="260"><subfield code="a">Vienna, Iaea, 1981,</subfield></datafield><datafield ind1=" " ind2=" " tag="300"><subfield code="a">608P</subfield></datafield><datafield ind1=" " ind2=" " tag="490"><subfield code="a">Trieste Course 1979</subfield></datafield><datafield ind1=" " ind2=" " tag="852"><subfield code="a">48824</subfield><subfield code="c">533.9</subfield></datafield><datafield ind1=" " ind2=" " tag="CAT"><subfield code="a">Sys</subfield><subfield code="c">20100929</subfield><subfield code="h">132431</subfield></datafield></record></collection>